<?xml version="1.0" encoding="UTF-8"?><record xmlns="http://www.loc.gov/MARC21/slim" xmlns:cinclude="http://apache.org/cocoon/include/1.0" xmlns:zs="http://www.loc.gov/zing/srw/">
  <leader>00466cz  a2200145n  4500</leader>
  <controlfield tag="001">no2007044772</controlfield>
  <controlfield tag="003">DLC</controlfield>
  <controlfield tag="005">20080303081556.0</controlfield>
  <controlfield tag="008">070422n| acannaabn          |a aaa     c</controlfield>
  <datafield tag="010" ind1=" " ind2=" ">
    <subfield code="a">no2007044772</subfield>
  </datafield>
  <datafield tag="035" ind1=" " ind2=" ">
    <subfield code="a">(OCoLC)oca07390334</subfield>
  </datafield>
  <datafield tag="040" ind1=" " ind2=" ">
    <subfield code="a">InU</subfield>
    <subfield code="b">eng</subfield>
    <subfield code="c">InU</subfield>
    <subfield code="d">DLC</subfield>
    <subfield code="d">NhD</subfield>
  </datafield>
  <datafield tag="100" ind1="1" ind2=" ">
    <subfield code="a">Galich, Aleksandr,</subfield>
    <subfield code="d">1918-1977.</subfield>
    <subfield code="t">Poems.</subfield>
    <subfield code="k">Selections</subfield>
  </datafield>
  <datafield tag="400" ind1="1" ind2=" ">
    <subfield code="a">Galich, Aleksandr,</subfield>
    <subfield code="d">1918-1977.</subfield>
    <subfield code="t">Stikhotvorenii︠a︡ i poėmy.</subfield>
    <subfield code="f">2006</subfield>
  </datafield>
  <datafield tag="670" ind1=" " ind2=" ">
    <subfield code="a">His Stikhotvorenii︠a︡ i poėmy, 2006.</subfield>
  </datafield>
</record>